<?xml version="1.0" encoding="UTF-8"?><collection xmlns="http://www.loc.gov/MARC21/slim"><record><leader>00446nam--2200169-i-4500</leader><controlfield tag="001">000012886</controlfield><controlfield tag="002">20161230</controlfield><controlfield tag="005">20161230201030</controlfield><controlfield tag="008">060222s1000------------r-----000-0-eng-d</controlfield><datafield ind1=" " ind2=" " tag="040"><subfield code="a">IFIN-HH</subfield></datafield><datafield ind1=" " ind2=" " tag="080"><subfield code="a">532.783:548.5</subfield></datafield><datafield ind1="1" ind2=" " tag="100"><subfield code="a">Brown, Glenn H</subfield></datafield><datafield ind1="1" ind2="0" tag="245"><subfield code="a">Advances in liquid crystals</subfield><subfield code="b">Vol. 4</subfield><subfield code="c">Edited by Glenn H. Brown</subfield></datafield><datafield ind1=" " ind2=" " tag="260"><subfield code="a">New York, Academic Press, 1979</subfield></datafield><datafield ind1=" " ind2=" " tag="300"><subfield code="a">210 p</subfield></datafield><datafield ind1=" " ind2=" " tag="852"><subfield code="a">43069</subfield><subfield code="c">532</subfield></datafield><datafield ind1=" " ind2=" " tag="CAT"><subfield code="a">Sys</subfield><subfield code="c">20100721</subfield><subfield code="h">094334</subfield></datafield></record></collection>